@book{kimball2013datawarehouse,
  author    = {Ralph Kimball and Margy Ross},
  title     = {The Data Warehouse Toolkit: The Definitive Guide to Dimensional Modeling},
  edition   = {3rd},
  publisher = {Wiley},
  year      = {2013},
  isbn      = {978-1-118-53080-1},
  address   = {Indianapolis, IN}
}

@book{kimball2004etl,
  author    = {Ralph Kimball and Joe Caserta},
  title     = {The Data Warehouse ETL Toolkit: Practical Techniques for Extracting, Cleaning, Conforming, and Delivering Data},
  publisher = {Wiley},
  year      = {2004},
  isbn      = {978-0-764-56757-6},
  address   = {Indianapolis, IN}
}

@article{codd1993olap,
  author  = {E. F. Codd and S. B. Codd and C. T. Salley},
  title   = {Providing OLAP (On-Line Analytical Processing) to User-Analysts: An IT Mandate},
  journal = {E. F. Codd \& Associates White Paper},
  year    = {1993},
  publisher = {Arbor Software Corporation (now Hyperion Solutions)},
  url     = {https://www.minet.uni-jena.de/dbis/lehre/ss2005/sem_dwh/lit/Cod93.pdf}
}

@misc{imdb2025datasets,
  author       = {{IMDb}},
  title        = {IMDb Non-Commercial Datasets},
  year         = {2025},
  howpublished = {\url{https://datasets.imdbws.com/}},
  note         = {Accessed: 2025-09-15}
}

@misc{imdb2025interfaces,
  author       = {{IMDb}},
  title        = {IMDb Datasets: Documentation and Schema},
  year         = {2025},
  howpublished = {\url{https://developer.imdb.com/non-commercial-datasets/}},
  note         = {Accessed: 2025-09-15}
}

@misc{boxofficemojo2025,
  author       = {{Box Office Mojo}},
  title        = {Box Office Mojo by IMDbPro},
  year         = {2025},
  howpublished = {\url{https://www.boxofficemojo.com/}},
  note         = {Accessed: 2025-09-15}
}

@misc{mysql2025docs,
  author       = {{Oracle Corporation}},
  title        = {MySQL 8.0 Reference Manual},
  year         = {2025},
  howpublished = {\url{https://dev.mysql.com/doc/refman/8.0/en/}},
  note         = {Accessed: 2025-10-20}
}

@misc{nextjs2025,
  author       = {{Vercel, Inc.}},
  title        = {Next.js Documentation},
  year         = {2025},
  howpublished = {\url{https://nextjs.org/docs}},
  note         = {Accessed: 2025-10-20}
}

@misc{react2025,
  author       = {{Meta Platforms, Inc.}},
  title        = {React: A JavaScript Library for Building User Interfaces},
  year         = {2025},
  howpublished = {\url{https://react.dev/}},
  note         = {Accessed: 2025-10-20}
}

@book{inmon2005building,
  author    = {William H. Inmon},
  title     = {Building the Data Warehouse},
  edition   = {4th},
  publisher = {Wiley},
  year      = {2005},
  isbn      = {978-0-764-59942-2},
  address   = {Indianapolis, IN}
}

@article{chaudhuri1997overview,
  author  = {Surajit Chaudhuri and Umeshwar Dayal},
  title   = {An Overview of Data Warehousing and OLAP Technology},
  journal = {ACM SIGMOD Record},
  volume  = {26},
  number  = {1},
  pages   = {65--74},
  year    = {1997},
  doi     = {10.1145/248603.248616}
}

@book{garcia2009database,
  author    = {Hector Garcia-Molina and Jeffrey D. Ullman and Jennifer Widom},
  title     = {Database Systems: The Complete Book},
  edition   = {2nd},
  publisher = {Prentice Hall},
  year      = {2009},
  isbn      = {978-0-131-87325-4}
}

@article{graefe1993volcano,
  author  = {Goetz Graefe},
  title   = {Query Evaluation Techniques for Large Databases},
  journal = {ACM Computing Surveys},
  volume  = {25},
  number  = {2},
  pages   = {73--169},
  year    = {1993},
  doi     = {10.1145/152610.152611}
}

@misc{ibm2021datawarehouse,
  author       = {{IBM}},
  title        = {What is a Data Warehouse?},
  year         = {2021},
  howpublished = {\url{https://www.ibm.com/topics/data-warehouse}},
  note         = {Accessed: 2025-10-20}
}
